<record><leader>00000cas a22000007a 4500</leader><controlfield tag="001">27290958</controlfield><controlfield tag="008">930119d19151915ctumr ne      0    0eng d</controlfield><datafield ind1=" " ind2=" " tag="010"><subfield code="a">sn 93053708 </subfield></datafield><datafield ind1=" " ind2=" " tag="040"><subfield code="a">CNW</subfield><subfield code="b">eng</subfield><subfield code="c">CNW</subfield><subfield code="d">OCLCQ</subfield></datafield><datafield ind1=" " ind2=" " tag="042"><subfield code="a">msc</subfield></datafield><datafield ind1="0" ind2="0" tag="245"><subfield code="a">Enfield rooster.</subfield></datafield><datafield ind1=" " ind2=" " tag="260"><subfield code="a">Enfield, Conn. :</subfield><subfield code="b">F.J. Sheldon</subfield></datafield><datafield ind1=" " ind2=" " tag="300"><subfield code="a">v.</subfield></datafield><datafield ind1=" " ind2=" " tag="310"><subfield code="a">Monthly</subfield></datafield><datafield ind1="1" ind2=" " tag="362"><subfield code="a">Began in 1915.</subfield></datafield><datafield ind1="0" ind2=" " tag="362"><subfield code="a">-No. 3 (Dec. 1915).</subfield></datafield><datafield ind1=" " ind2=" " tag="515"><subfield code="a">Issue for Nov. 1915 also has numbering: No. 2.</subfield></datafield><datafield ind1=" " ind2=" " tag="588"><subfield code="a">Description based on: No. 2 (Oct. 1915); title from publisher's statement. Cover title appears as:Enfield, with an illustration of a rooster.</subfield></datafield><datafield ind1=" " ind2="4" tag="651"><subfield code="a">Enfield (Conn.)</subfield><subfield code="v">Newspapers.</subfield></datafield><datafield ind1=" " ind2=" " tag="752"><subfield code="a">United States</subfield><subfield code="b">Connecticut</subfield><subfield code="c">Hartford</subfield><subfield code="d">Enfield.</subfield></datafield><datafield ind1="0" ind2="0" tag="785"><subfield code="t">Enfield city times</subfield><subfield code="w">(DLC)sn 93053707</subfield></datafield><datafield ind1="1" ind2=" " tag="029"><subfield code="a">AU@</subfield><subfield code="b">000020736612</subfield></datafield></record>